@ARTICLE{Perreault2017,
       author = {{Perreault Levasseur}, Laurence and {Hezaveh}, Yashar D. and {Wechsler}, Risa H.},
        title = "{Uncertainties in Parameters Estimated with Neural Networks: Application to Strong Gravitational Lensing}",
      journal = {\apjl},
     keywords = {gravitational lensing: strong, methods: data analysis, methods: statistical, Astrophysics - Cosmology and Nongalactic Astrophysics, Astrophysics - Instrumentation and Methods for Astrophysics},
         year = 2017,
        month = nov,
       volume = {850},
       number = {1},
          eid = {L7},
        pages = {L7},
          doi = {10.3847/2041-8213/aa9704},
archivePrefix = {arXiv},
       eprint = {1708.08843},
 primaryClass = {astro-ph.CO},
       adsurl = {https://ui.adsabs.harvard.edu/abs/2017ApJ...850L...7P},
      adsnote = {Provided by the SAO/NASA Astrophysics Data System}
}

@ARTICLE{Pearson2021,
       author = {{Pearson}, James and {Maresca}, Jacob and {Li}, Nan and {Dye}, Simon},
        title = "{Strong lens modelling: comparing and combining Bayesian neural networks and parametric profile fitting}",
      journal = {arXiv e-prints},
     keywords = {Astrophysics - Instrumentation and Methods for Astrophysics, Astrophysics - Astrophysics of Galaxies},
         year = 2021,
        month = mar,
          eid = {arXiv:2103.03257},
        pages = {arXiv:2103.03257},
archivePrefix = {arXiv},
       eprint = {2103.03257},
 primaryClass = {astro-ph.IM},
       adsurl = {https://ui.adsabs.harvard.edu/abs/2021arXiv210303257P},
      adsnote = {Provided by the SAO/NASA Astrophysics Data System}
}

@article{Maaten2008,
author = {van der Maaten, Laurens and Hinton, Geoffrey},
year = {2008},
month = {11},
pages = {2579-2605},
title = {Viualizing data using t-SNE},
volume = {9},
journal = {Journal of Machine Learning Research}
}

@ARTICLE{Duncan2014,
       author = {{Duncan}, K. and {Conselice}, C.~J. and {Mortlock}, A. and {Hartley}, W.~G. and {Guo}, Y. and {Ferguson}, H.~C. and {Dav{\'e}}, R. and {Lu}, Y. and {Ownsworth}, J. and {Ashby}, M.~L.~N. and {Dekel}, A. and {Dickinson}, M. and {Faber}, S. and {Giavalisco}, M. and {Grogin}, N. and {Kocevski}, D. and {Koekemoer}, A. and {Somerville}, R.~S. and {White}, C.~E.},
        title = "{The mass evolution of the first galaxies: stellar mass functions and star formation rates at 4 < z < 7 in the CANDELS GOODS-South field}",
      journal = {\mnras},
     keywords = {galaxies: evolution, galaxies: formation, galaxies: high-redshift, galaxies: luminosity function, mass function, Astrophysics - Astrophysics of Galaxies},
         year = 2014,
        month = nov,
       volume = {444},
       number = {3},
        pages = {2960-2984},
          doi = {10.1093/mnras/stu1622},
archivePrefix = {arXiv},
       eprint = {1408.2527},
 primaryClass = {astro-ph.GA},
       adsurl = {https://ui.adsabs.harvard.edu/abs/2014MNRAS.444.2960D},
      adsnote = {Provided by the SAO/NASA Astrophysics Data System}
}

@ARTICLE{Bruzual2003,
       author = {{Bruzual}, G. and {Charlot}, S.},
        title = "{Stellar population synthesis at the resolution of 2003}",
      journal = {\mnras},
     keywords = {stars: evolution, galaxies: evolution, galaxies: formation, galaxies: stellar content, Astrophysics},
         year = 2003,
        month = oct,
       volume = {344},
       number = {4},
        pages = {1000-1028},
          doi = {10.1046/j.1365-8711.2003.06897.x},
archivePrefix = {arXiv},
       eprint = {astro-ph/0309134},
 primaryClass = {astro-ph},
       adsurl = {https://ui.adsabs.harvard.edu/abs/2003MNRAS.344.1000B},
      adsnote = {Provided by the SAO/NASA Astrophysics Data System}
}

@ARTICLE{Barden2008,
       author = {{Barden}, M. and {Jahnke}, K. and {H{\"a}u{\ss}ler}, B.},
        title = "{FERENGI: Redshifting Galaxies from SDSS to GEMS, STAGES, and COSMOS}",
      journal = {\apjs},
     keywords = {galaxies: fundamental parameters, galaxies: high-redshift, galaxies: structure, Astrophysics},
         year = 2008,
        month = mar,
       volume = {175},
       number = {1},
        pages = {105-115},
          doi = {10.1086/524039},
archivePrefix = {arXiv},
       eprint = {0812.1022},
 primaryClass = {astro-ph},
       adsurl = {https://ui.adsabs.harvard.edu/abs/2008ApJS..175..105B},
      adsnote = {Provided by the SAO/NASA Astrophysics Data System}
}


@ARTICLE{Huertas-Company2020,
       author = {{Huertas-Company}, Marc and {Guo}, Yicheng and {Ginzburg}, Omri and {Lee}, Christoph T. and {Mandelker}, Nir and {Metter}, Maxwell and {Primack}, Joel R. and {Dekel}, Avishai and {Ceverino}, Daniel and {Faber}, Sandra M. and {Koo}, David C. and {Koekemoer}, Anton and {Snyder}, Gregory and {Giavalisco}, Mauro and {Zhang}, Haowen},
        title = "{Stellar masses of giant clumps in CANDELS and simulated galaxies using machine learning}",
      journal = {\mnras},
     keywords = {methods: data analysis, galaxies: evolution, galaxies: formation, galaxies: irregular, galaxies: star formation, galaxies: structure, Astrophysics - Astrophysics of Galaxies, Astrophysics - Cosmology and Nongalactic Astrophysics},
         year = 2020,
        month = nov,
       volume = {499},
       number = {1},
        pages = {814-835},
          doi = {10.1093/mnras/staa2777},
archivePrefix = {arXiv},
       eprint = {2006.14636},
 primaryClass = {astro-ph.GA},
       adsurl = {https://ui.adsabs.harvard.edu/abs/2020MNRAS.499..814H},
      adsnote = {Provided by the SAO/NASA Astrophysics Data System}
}

@ARTICLE{Peng2002,
       author = {{Peng}, Chien Y. and {Ho}, Luis C. and {Impey}, Chris D. and {Rix}, Hans-Walter},
        title = "{Detailed Structural Decomposition of Galaxy Images}",
      journal = {\aj},
     keywords = {Galaxies: Bulges, Galaxies: Fundamental Parameters, Galaxies: Nuclei, Galaxies: Structure, Techniques: Image Processing, Techniques: Photometric, Astrophysics},
         year = 2002,
        month = jul,
       volume = {124},
       number = {1},
        pages = {266-293},
          doi = {10.1086/340952},
archivePrefix = {arXiv},
       eprint = {astro-ph/0204182},
 primaryClass = {astro-ph},
       adsurl = {https://ui.adsabs.harvard.edu/abs/2002AJ....124..266P},
      adsnote = {Provided by the SAO/NASA Astrophysics Data System}
}

@ARTICLE{Bamford2009,
       author = {{Bamford}, Steven P. and {Nichol}, Robert C. and {Baldry}, Ivan K. and {Land}, Kate and {Lintott}, Chris J. and {Schawinski}, Kevin and {Slosar}, An{\v{z}}e and {Szalay}, Alexander S. and {Thomas}, Daniel and {Torki}, Mehri and {Andreescu}, Dan and {Edmondson}, Edward M. and {Miller}, Christopher J. and {Murray}, Phil and {Raddick}, M. Jordan and {Vandenberg}, Jan},
        title = "{Galaxy Zoo: the dependence of morphology and colour on environment*}",
      journal = {\mnras},
     keywords = {Astrophysics},
         year = 2009,
        month = mar,
       volume = {393},
       number = {4},
        pages = {1324-1352},
          doi = {10.1111/j.1365-2966.2008.14252.x},
archivePrefix = {arXiv},
       eprint = {0805.2612},
 primaryClass = {astro-ph},
       adsurl = {https://ui.adsabs.harvard.edu/abs/2009MNRAS.393.1324B},
      adsnote = {Provided by the SAO/NASA Astrophysics Data System}
}

@ARTICLE{Roberts1994,
       author = {{Roberts}, Morton S. and {Haynes}, M.~P.},
        title = "{Physical Parameters along the Hubble Sequence}",
      journal = {\araa},
         year = 1994,
        month = jan,
       volume = {32},
        pages = {115-152},
          doi = {10.1146/annurev.aa.32.090194.000555},
       adsurl = {https://ui.adsabs.harvard.edu/abs/1994ARA&A..32..115R},
      adsnote = {Provided by the SAO/NASA Astrophysics Data System}
}

@ARTICLE{Ferreira2018,
       author = {{de Albernaz Ferreira}, Leonardo and {Ferrari}, Fabricio},
        title = "{The impact of redshift on galaxy morphometric classification: case studies for SDSS, DES, LSST and HST with MORFOMETRYKA}",
      journal = {\mnras},
     keywords = {galaxies: evolution, galaxies: structure, Astrophysics - Astrophysics of Galaxies, Astrophysics - Cosmology and Nongalactic Astrophysics, Astrophysics - Instrumentation and Methods for Astrophysics},
         year = 2018,
        month = jan,
       volume = {473},
       number = {2},
        pages = {2701-2713},
          doi = {10.1093/mnras/stx2266},
archivePrefix = {arXiv},
       eprint = {1707.02863},
 primaryClass = {astro-ph.GA},
       adsurl = {https://ui.adsabs.harvard.edu/abs/2018MNRAS.473.2701D},
      adsnote = {Provided by the SAO/NASA Astrophysics Data System}
}

@ARTICLE{Conselice2003,
       author = {{Conselice}, Christopher J.},
        title = "{The Relationship between Stellar Light Distributions of Galaxies and Their Formation Histories}",
      journal = {\apjs},
     keywords = {Galaxies: Evolution, Galaxies: Formation, Galaxies: Structure, Astrophysics},
         year = 2003,
        month = jul,
       volume = {147},
       number = {1},
        pages = {1-28},
          doi = {10.1086/375001},
archivePrefix = {arXiv},
       eprint = {astro-ph/0303065},
 primaryClass = {astro-ph},
       adsurl = {https://ui.adsabs.harvard.edu/abs/2003ApJS..147....1C},
      adsnote = {Provided by the SAO/NASA Astrophysics Data System}
}

@ARTICLE{Hogg2002,
       author = {{Hogg}, David W. and {Baldry}, Ivan K. and {Blanton}, Michael R. and {Eisenstein}, Daniel J.},
        title = "{The K correction}",
      journal = {arXiv e-prints},
     keywords = {Astrophysics},
         year = 2002,
        month = oct,
          eid = {astro-ph/0210394},
        pages = {astro-ph/0210394},
archivePrefix = {arXiv},
       eprint = {astro-ph/0210394},
 primaryClass = {astro-ph},
       adsurl = {https://ui.adsabs.harvard.edu/abs/2002astro.ph.10394H},
      adsnote = {Provided by the SAO/NASA Astrophysics Data System}
}

@ARTICLE{Rix2004,
       author = {{Rix}, Hans-Walter and {Barden}, Marco and {Beckwith}, Steven V.~W. and {Bell}, Eric F. and {Borch}, Andrea and {Caldwell}, John A.~R. and {H{\"a}ussler}, Boris and {Jahnke}, Knud and {Jogee}, Shardha and {McIntosh}, Daniel H. and {Meisenheimer}, Klaus and {Peng}, Chien Y. and {Sanchez}, Sebastian F. and {Somerville}, Rachel S. and {Wisotzki}, Lutz and {Wolf}, Christian},
        title = "{GEMS: Galaxy Evolution from Morphologies and SEDs}",
      journal = {\apjs},
     keywords = {Galaxies: Bulges, Galaxies: Evolution, Galaxies: Fundamental Parameters, Galaxies: High-Redshift, Galaxies: Structure, Astrophysics},
         year = 2004,
        month = jun,
       volume = {152},
       number = {2},
        pages = {163-173},
          doi = {10.1086/420885},
archivePrefix = {arXiv},
       eprint = {astro-ph/0401427},
 primaryClass = {astro-ph},
       adsurl = {https://ui.adsabs.harvard.edu/abs/2004ApJS..152..163R},
      adsnote = {Provided by the SAO/NASA Astrophysics Data System}
}

@INPROCEEDINGS{Douglas2012,
       author = {{Shields}, Douglas W. and {Davis}, B. and {Johns}, L. and {Berrier}, J.~C. and {Kennefick}, D. and {Kennefick}, J. and {Seigar}, M.},
        title = "{Pitch Angles Of Artificially Redshifted Galaxies}",
    booktitle = {American Astronomical Society Meeting Abstracts \#220},
         year = 2012,
       series = {American Astronomical Society Meeting Abstracts},
       volume = {220},
        month = may,
          eid = {430.10},
        pages = {430.10},
       adsurl = {https://ui.adsabs.harvard.edu/abs/2012AAS...22043010S},
      adsnote = {Provided by the SAO/NASA Astrophysics Data System}
}

@ARTICLE{Ferrari2015,
       author = {{Ferrari}, F. and {de Carvalho}, R.~R. and {Trevisan}, M.},
        title = "{Morfometryka{\textemdash}A New Way of Establishing Morphological Classification of Galaxies}",
      journal = {\apj},
     keywords = {galaxies: fundamental parameters, galaxies: general, galaxies: photometry, galaxies: statistics, techniques: image processing, Astrophysics - Astrophysics of Galaxies, Astrophysics - Instrumentation and Methods for Astrophysics},
         year = 2015,
        month = nov,
       volume = {814},
       number = {1},
          eid = {55},
        pages = {55},
          doi = {10.1088/0004-637X/814/1/55},
archivePrefix = {arXiv},
       eprint = {1509.05430},
 primaryClass = {astro-ph.GA},
       adsurl = {https://ui.adsabs.harvard.edu/abs/2015ApJ...814...55F},
      adsnote = {Provided by the SAO/NASA Astrophysics Data System}
}

@ARTICLE{Cheng2021,
       author = {{Cheng}, Ting-Yun and {Huertas-Company}, Marc and {Conselice}, Christopher J. and {Arag{\'o}n-Salamanca}, Alfonso and {Robertson}, Brant E. and {Ramachandra}, Nesar},
        title = "{Beyond the hubble sequence - exploring galaxy morphology with unsupervised machine learning}",
      journal = {\mnras},
     keywords = {techniques: image processing, galaxies: general, methods: data analysis, Astrophysics - Astrophysics of Galaxies},
         year = 2021,
        month = may,
       volume = {503},
       number = {3},
        pages = {4446-4465},
          doi = {10.1093/mnras/stab734},
archivePrefix = {arXiv},
       eprint = {2009.11932},
 primaryClass = {astro-ph.GA},
       adsurl = {https://ui.adsabs.harvard.edu/abs/2021MNRAS.503.4446C},
      adsnote = {Provided by the SAO/NASA Astrophysics Data System}
}

@ARTICLE{Huertas-Company2021,
       author = {{Zanisi}, Lorenzo and {Huertas-Company}, Marc and {Lanusse}, Fran{\c{c}}ois and {Bottrell}, Connor and {Pillepich}, Annalisa and {Nelson}, Dylan and {Rodriguez-Gomez}, Vicente and {Shankar}, Francesco and {Hernquist}, Lars and {Dekel}, Avishai and {Margalef-Bentabol}, Berta and {Vogelsberger}, Mark and {Primack}, Joel},
        title = "{A deep learning approach to test the small-scale galaxy morphology and its relationship with star formation activity in hydrodynamical simulations}",
      journal = {\mnras},
     keywords = {methods: miscellaneous, methods: numerical, galaxies: evolution, galaxies: fundamental parameters, galaxies: star formation, galaxies: structure, Astrophysics - Astrophysics of Galaxies, Astrophysics - Instrumentation and Methods for Astrophysics},
         year = 2021,
        month = mar,
       volume = {501},
       number = {3},
        pages = {4359-4382},
          doi = {10.1093/mnras/staa3864},
archivePrefix = {arXiv},
       eprint = {2007.00039},
 primaryClass = {astro-ph.GA},
       adsurl = {https://ui.adsabs.harvard.edu/abs/2021MNRAS.501.4359Z},
      adsnote = {Provided by the SAO/NASA Astrophysics Data System}
}

@ARTICLE{Huertas-Company2018,
       author = {{Huertas-Company}, M. and {Primack}, J.~R. and {Dekel}, A. and {Koo}, D.~C. and {Lapiner}, S. and {Ceverino}, D. and {Simons}, R.~C. and {Snyder}, G.~F. and {Bernardi}, M. and {Chen}, Z. and {Dom{\'\i}nguez-S{\'a}nchez}, H. and {Lee}, C.~T. and {Margalef-Bentabol}, B. and {Tuccillo}, D.},
        title = "{Deep Learning Identifies High-z Galaxies in a Central Blue Nugget Phase in a Characteristic Mass Range}",
      journal = {\apj},
     keywords = {galaxies: bulges, galaxies: fundamental parameters, galaxies: high-redshift, Astrophysics - Astrophysics of Galaxies},
         year = 2018,
        month = may,
       volume = {858},
       number = {2},
          eid = {114},
        pages = {114},
          doi = {10.3847/1538-4357/aabfed},
archivePrefix = {arXiv},
       eprint = {1804.07307},
 primaryClass = {astro-ph.GA},
       adsurl = {https://ui.adsabs.harvard.edu/abs/2018ApJ...858..114H},
      adsnote = {Provided by the SAO/NASA Astrophysics Data System}
}

@ARTICLE{Snyder2015,
       author = {{Snyder}, Gregory F. and {Lotz}, Jennifer and {Moody}, Christopher and {Peth}, Michael and {Freeman}, Peter and {Ceverino}, Daniel and {Primack}, Joel and {Dekel}, Avishai},
        title = "{Diverse structural evolution at z > 1 in cosmologically simulated galaxies}",
      journal = {\mnras},
     keywords = {methods: numerical, galaxies: formation, galaxies: structure, Astrophysics - Astrophysics of Galaxies, Astrophysics - Cosmology and Nongalactic Astrophysics},
         year = 2015,
        month = aug,
       volume = {451},
       number = {4},
        pages = {4290-4310},
          doi = {10.1093/mnras/stv1231},
archivePrefix = {arXiv},
       eprint = {1409.1583},
 primaryClass = {astro-ph.GA},
       adsurl = {https://ui.adsabs.harvard.edu/abs/2015MNRAS.451.4290S},
      adsnote = {Provided by the SAO/NASA Astrophysics Data System}
}

@ARTICLE{Storrie-Lombardi1992,
       author = {{Storrie-Lombardi}, M.~C. and {Lahav}, O. and {Sodre}, L., Jr. and {Storrie-Lombardi}, L.~J.},
        title = "{Morphological Classification of Galaxies by Artificial Neural Networks}",
      journal = {\mnras},
         year = 1992,
        month = nov,
       volume = {259},
        pages = {8P},
          doi = {10.1093/mnras/259.1.8P},
       adsurl = {https://ui.adsabs.harvard.edu/abs/1992MNRAS.259P...8S},
      adsnote = {Provided by the SAO/NASA Astrophysics Data System}
}

@article{Sanchez2018,
   title={Improving galaxy morphologies for SDSS with Deep Learning},
   volume={476},
   ISSN={1365-2966},
   url={http://dx.doi.org/10.1093/mnras/sty338},
   DOI={10.1093/mnras/sty338},
   number={3},
   journal={\mnras},
   publisher={Oxford University Press (OUP)},
   author={{Domínguez Sánchez}, H and {Huertas-Company}, M and {Bernardi}, M and {Tuccillo}, D and {Fischer}, J L},
   year={2018},
   month={Feb},
   pages={3661–3676}
}

@ARTICLE{Schawinski2018,
       author = {{Schawinski}, Kevin and {Turp}, M. Dennis and {Zhang}, Ce},
        title = "{Exploring galaxy evolution with generative models}",
      journal = {\aap},
     keywords = {methods: data analysis, methods: statistical, galaxies: evolution, Astrophysics - Astrophysics of Galaxies, Computer Science - Machine Learning, Statistics - Machine Learning},
         year = 2018,
        month = aug,
       volume = {616},
          eid = {L16},
        pages = {L16},
          doi = {10.1051/0004-6361/201833800},
archivePrefix = {arXiv},
       eprint = {1812.01114},
 primaryClass = {astro-ph.GA},
       adsurl = {https://ui.adsabs.harvard.edu/abs/2018A&A...616L..16S},
      adsnote = {Provided by the SAO/NASA Astrophysics Data System}
}

@ARTICLE{Glaser2019,
       author = {{Glaser}, Nina and {Wong}, O. Ivy and {Schawinski}, Kevin and {Zhang}, Ce},
        title = "{RadioGAN - Translations between different radio surveys with generative adversarial networks}",
      journal = {\mnras},
     keywords = {methods: data analysis, techniques: image processing, radio continuum: galaxies, Astrophysics - Astrophysics of Galaxies, Astrophysics - Instrumentation and Methods for Astrophysics},
         year = 2019,
        month = aug,
       volume = {487},
       number = {3},
        pages = {4190-4207},
          doi = {10.1093/mnras/stz1534},
archivePrefix = {arXiv},
       eprint = {1906.03874},
 primaryClass = {astro-ph.GA},
       adsurl = {https://ui.adsabs.harvard.edu/abs/2019MNRAS.487.4190G},
      adsnote = {Provided by the SAO/NASA Astrophysics Data System}
}

@ARTICLE{Perez2019,
       author = {{P{\'e}rez-Carrasco}, M. and {Cabrera-Vives}, G. and {Martinez-Marin}, M. and {Cerulo}, P. and {Demarco}, R. and {Protopapas}, P. and {Godoy}, J. and {Huertas-Company}, M.},
        title = "{Multiband Galaxy Morphologies for CLASH: A Convolutional Neural Network Transferred from CANDELS}",
      journal = {\pasp},
     keywords = {Astrophysics - Instrumentation and Methods for Astrophysics},
         year = 2019,
        month = oct,
       volume = {131},
       number = {1004},
        pages = {108002},
          doi = {10.1088/1538-3873/aaeeb4},
archivePrefix = {arXiv},
       eprint = {1810.07857},
 primaryClass = {astro-ph.IM},
       adsurl = {https://ui.adsabs.harvard.edu/abs/2019PASP..131j8002P},
      adsnote = {Provided by the SAO/NASA Astrophysics Data System}
}


@ARTICLE{Schawinski2017,
       author = {{Schawinski}, Kevin and {Zhang}, Ce and {Zhang}, Hantian and {Fowler}, Lucas and {Santhanam}, Gokula Krishnan},
        title = "{Generative adversarial networks recover features in astrophysical images of galaxies beyond the deconvolution limit}",
      journal = {\mnras},
     keywords = {methods: data analysis, techniques: image processing, galaxies: general, Astrophysics - Instrumentation and Methods for Astrophysics, Astrophysics - Astrophysics of Galaxies, Computer Science - Machine Learning, Statistics - Machine Learning},
         year = 2017,
        month = may,
       volume = {467},
       number = {1},
        pages = {L110-L114},
          doi = {10.1093/mnrasl/slx008},
archivePrefix = {arXiv},
       eprint = {1702.00403},
 primaryClass = {astro-ph.IM},
       adsurl = {https://ui.adsabs.harvard.edu/abs/2017MNRAS.467L.110S},
      adsnote = {Provided by the SAO/NASA Astrophysics Data System}
}

@article{LeCun1995,
  title={Convolutional networks for images, speech, and time series},
  author={LeCun, Yann and Bengio, Yoshua and others},
  journal={The handbook of brain theory and neural networks},
  volume={3361},
  number={10},
  pages={1995},
  year={1995}
}

@article{Devillard2000,
  title={Astronomical image resampling.},
  author={Devillard, N},
  journal={The Messenger},
  volume={100},
  pages={48--51},
  year={2000}
}

@PHDTHESIS{Galloway2017,
       author = {{Galloway}, Melanie A.},
        title = "{Morphology Is a Link to the Past: Examining Formative and Secular Galactic Evolution through Morphology}",
     keywords = {Physics;Astrophysics},
       school = {University of Minnesota},
         year = 2017,
        month = jan,
       adsurl = {https://ui.adsabs.harvard.edu/abs/2017PhDT.......189G},
      adsnote = {Provided by the SAO/NASA Astrophysics Data System}
}


@ARTICLE{Whitney2020,
       author = {{Whitney}, A. and {Conselice}, C.~J. and {Duncan}, K. and {Spitler}, L.~R.},
        title = "{Surface Brightness Evolution of Galaxies in the CANDELS GOODS Fields up to z {\ensuremath{\sim}} 6: High-z Galaxies Are Unique or Remain Undetected}",
      journal = {\apj},
     keywords = {Galaxy evolution, Hubble Space Telescope, Galaxy properties, 594, 761, 615, Astrophysics - Astrophysics of Galaxies},
         year = 2020,
        month = nov,
       volume = {903},
       number = {1},
          eid = {14},
        pages = {14},
          doi = {10.3847/1538-4357/abb824},
archivePrefix = {arXiv},
       eprint = {2009.07295},
 primaryClass = {astro-ph.GA},
       adsurl = {https://ui.adsabs.harvard.edu/abs/2020ApJ...903...14W},
      adsnote = {Provided by the SAO/NASA Astrophysics Data System}
}


@ARTICLE{Baron2019,
       author = {{Baron}, Dalya},
        title = "{Machine Learning in Astronomy: a practical overview}",
      journal = {arXiv e-prints},
     keywords = {Astrophysics - Instrumentation and Methods for Astrophysics},
         year = 2019,
        month = apr,
          eid = {arXiv:1904.07248},
        pages = {arXiv:1904.07248},
archivePrefix = {arXiv},
       eprint = {1904.07248},
 primaryClass = {astro-ph.IM},
       adsurl = {https://ui.adsabs.harvard.edu/abs/2019arXiv190407248B},
      adsnote = {Provided by the SAO/NASA Astrophysics Data System}
}


@ARTICLE{Hezaveh2017,
       author = {{Hezaveh}, Yashar D. and {Perreault Levasseur}, Laurence and {Marshall}, Philip J.},
        title = "{Fast automated analysis of strong gravitational lenses with convolutional neural networks}",
      journal = {\nat},
     keywords = {Astrophysics - Instrumentation and Methods for Astrophysics, Astrophysics - Cosmology and Nongalactic Astrophysics},
         year = 2017,
        month = aug,
       volume = {548},
       number = {7669},
        pages = {555-557},
          doi = {10.1038/nature23463},
archivePrefix = {arXiv},
       eprint = {1708.08842},
 primaryClass = {astro-ph.IM},
       adsurl = {https://ui.adsabs.harvard.edu/abs/2017Natur.548..555H},
      adsnote = {Provided by the SAO/NASA Astrophysics Data System}
}

@inproceedings{Bergestra2011,
author = {Bergstra, James and Bardenet, R. and K\'egl, Balázs and Bengio, Y.},
title = {Algorithms for Hyper-Parameter Optimization},
year = {2011},
month = {12},
volume = {24},
pages = {},
adsurl = {https://proceedings.neurips.cc/paper/2011/file/86e8f7ab32cfd12577bc2619bc635690-Paper.pdf},
booktitle = {Advances in Neural Information Processing Systems},
publisher = {Curran Associates, Inc.}
}

@ARTICLE{Levasseur2017,
       author = {{Perreault Levasseur}, Laurence and {Hezaveh}, Yashar D. and {Wechsler}, Risa H.},
        title = "{Uncertainties in Parameters Estimated with Neural Networks: Application to Strong Gravitational Lensing}",
      journal = {\apjl},
     keywords = {gravitational lensing: strong, methods: data analysis, methods: statistical, Astrophysics - Cosmology and Nongalactic Astrophysics, Astrophysics - Instrumentation and Methods for Astrophysics},
         year = 2017,
        month = nov,
       volume = {850},
       number = {1},
          eid = {L7},
        pages = {L7},
          doi = {10.3847/2041-8213/aa9704},
archivePrefix = {arXiv},
       eprint = {1708.08843},
 primaryClass = {astro-ph.CO},
       adsurl = {https://ui.adsabs.harvard.edu/abs/2017ApJ...850L...7P},
      adsnote = {Provided by the SAO/NASA Astrophysics Data System}
}

@inproceedings{Hutter2011, 
author = {Hutter, Frank and Hoos, Holger H. and Leyton-Brown, Kevin}, 
title = {Sequential Model-Based Optimization for General Algorithm Configuration}, 
year = {2011}, 
isbn = {9783642255656}, 
publisher = {Springer-Verlag}, address = {Berlin, Heidelberg}, 
url = {https://doi.org/10.1007/978-3-642-25566-3_40}, 
doi = {10.1007/978-3-642-25566-3_40}, 
booktitle = {Proceedings of the 5th International Conference on Learning and Intelligent Optimization}, 
pages = {507–523}, 
numpages = {17}, 
location = {Rome, Italy}, series = {LION'05} 
}
 
@ARTICLE{Lapi2017,
       author = {{Lapi}, A. and {Mancuso}, C. and {Celotti}, A. and {Danese}, L.},
        title = "{Galaxy Evolution at High Redshift: Obscured Star Formation, GRB Rates, Cosmic Reionization, and Missing Satellites}",
      journal = {\apj},
     keywords = {dark ages, reionization, first stars, dust, extinction, galaxies: evolution, galaxies: star formation, galaxies: statistics, Astrophysics - Astrophysics of Galaxies},
         year = 2017,
        month = jan,
       volume = {835},
       number = {1},
          eid = {37},
        pages = {37},
          doi = {10.3847/1538-4357/835/1/37},
archivePrefix = {arXiv},
       eprint = {1612.01304},
 primaryClass = {astro-ph.GA},
       adsurl = {https://ui.adsabs.harvard.edu/abs/2017ApJ...835...37L},
      adsnote = {Provided by the SAO/NASA Astrophysics Data System}
}

@ARTICLE{Ferguson2004,
       author = {{Ferguson}, Henry C. and {Dickinson}, Mark and {Giavalisco}, Mauro and {Kretchmer}, Claudia and {Ravindranath}, Swara and {Idzi}, Rafal and {Taylor}, Edward and {Conselice}, Christopher J. and {Fall}, S. Michael and {Gardner}, Jonathan P. and {Livio}, Mario and {Madau}, Piero and {Moustakas}, Leonidas A. and {Papovich}, Casey M. and {Somerville}, Rachel S. and {Spinrad}, Hyron and {Stern}, Daniel},
        title = "{The Size Evolution of High-Redshift Galaxies}",
      journal = {\apjl},
     keywords = {Cosmology: Observations, Galaxies: Evolution, Galaxies: High-Redshift, Galaxies: Structure, Astrophysics},
         year = 2004,
        month = jan,
       volume = {600},
       number = {2},
        pages = {L107-L110},
          doi = {10.1086/378578},
archivePrefix = {arXiv},
       eprint = {astro-ph/0309058},
 primaryClass = {astro-ph},
       adsurl = {https://ui.adsabs.harvard.edu/abs/2004ApJ...600L.107F},
      adsnote = {Provided by the SAO/NASA Astrophysics Data System}
}

@misc{Raskutti2013,
      title={Early stopping and non-parametric regression: An optimal data-dependent stopping rule}, 
      author={Garvesh Raskutti and Martin J. Wainwright and Bin Yu},
      year={2013},
      eprint={1306.3574},
      archivePrefix={arXiv},
      primaryClass={stat.ML}
}

